<?xml version="1.0" encoding="UTF-8"?><collection xmlns="http://www.loc.gov/MARC21/slim"><record><leader>00487nam--2200181-i-4500</leader><controlfield tag="001">000044478</controlfield><controlfield tag="002">20161230</controlfield><controlfield tag="005">20161230201044</controlfield><controlfield tag="008">060222s1000------------r-----000-0-fre-d</controlfield><datafield ind1=" " ind2=" " tag="040"><subfield code="a">IFIN-HH</subfield></datafield><datafield ind1=" " ind2=" " tag="041"><subfield code="a">fre</subfield></datafield><datafield ind1=" " ind2=" " tag="080"><subfield code="a">536.5</subfield></datafield><datafield ind1="1" ind2=" " tag="100"><subfield code="a">Terny, M</subfield></datafield><datafield ind1="1" ind2="0" tag="245"><subfield code="a">La mesure des temperatures au laboratoire et dans l`industrie</subfield><subfield code="b">Preface de m. le professeur vernon</subfield></datafield><datafield ind1=" " ind2=" " tag="260"><subfield code="a">Paris</subfield><subfield code="b">Dunod</subfield><subfield code="c">1962</subfield></datafield><datafield ind1=" " ind2=" " tag="300"><subfield code="a">XV + 320P. + XVI</subfield></datafield><datafield ind1=" " ind2=" " tag="852"><subfield code="a">21660</subfield><subfield code="c">536</subfield></datafield><datafield ind1=" " ind2=" " tag="CAT"><subfield code="a">Sys</subfield><subfield code="c">20110505</subfield><subfield code="h">163705</subfield></datafield></record></collection>